<?xml version="1.0" encoding="UTF-8"?><collection xmlns="http://www.loc.gov/MARC21/slim"><record><leader>00384nam--2200133-i-4500</leader><controlfield tag="001">000025554</controlfield><controlfield tag="002">20161230</controlfield><controlfield tag="005">20161230201036</controlfield><controlfield tag="008">060222s1000------------r-----000-0-eng-d</controlfield><datafield ind1=" " ind2=" " tag="080"><subfield code="a">551.5</subfield></datafield><datafield ind1=" " ind2=" " tag="100"><subfield code="a">Jung, Hermann</subfield></datafield><datafield ind1=" " ind2=" " tag="245"><subfield code="a">Luftverunreinigung und industrielle staubbekampfung. mit 309 abbildungen und 34 tabellen</subfield></datafield><datafield ind1=" " ind2=" " tag="260"><subfield code="a">Berlin, Akademie-verlag, 1968, X + 467p</subfield></datafield><datafield ind1=" " ind2=" " tag="852"><subfield code="a">48172</subfield></datafield></record></collection>